<?xml version="1.0" encoding="UTF-8"?><record xmlns="http://www.loc.gov/MARC21/slim" xmlns:cinclude="http://apache.org/cocoon/include/1.0" xmlns:zs="http://www.loc.gov/zing/srw/">
  <leader>00350nz  a2200121n  4500</leader>
  <controlfield tag="001">n  86803054 </controlfield>
  <controlfield tag="003">DLC</controlfield>
  <controlfield tag="005">19860122123535.3</controlfield>
  <controlfield tag="008">860122n| acannaab|          |n aad |||  </controlfield>
  <datafield tag="010" ind1=" " ind2=" ">
    <subfield code="a">n  86803054 </subfield>
  </datafield>
  <datafield tag="040" ind1=" " ind2=" ">
    <subfield code="a">DLC</subfield>
    <subfield code="c">DLC</subfield>
  </datafield>
  <datafield tag="100" ind1="1" ind2="0">
    <subfield code="a">Pramberg, J. H.</subfield>
  </datafield>
  <datafield tag="670" ind1=" " ind2=" ">
    <subfield code="a">nuc86-5429: Author's Pramberg, 1978?</subfield>
    <subfield code="b">(hdg. on MBNEH rept.: Pramberg, J. H.; usage: J.H. Pramberg)</subfield>
  </datafield>
</record>